<record xmlns:xsi="http://www.w3.org/2001/XMLSchema-instance" xmlns="http://www.loc.gov/MARC21/slim" xsi:schemaLocation="http://www.loc.gov/MARC21/slim http://www.loc.gov/standards/marcxml/schema/MARC21slim.xsd">

  <leader>01318nab a2200169   4500</leader>
  <controlfield tag="005">20160328163530.0</controlfield>
  <controlfield tag="008">150924b2004    cr f|||| |||| 00| 0 spa d</controlfield>
  <datafield ind2=" " tag="090" ind1=" ">
    <subfield code="a">REVIS 06.02.01</subfield>
  </datafield>
  <datafield tag="100" ind2=" " ind1=" ">
    <subfield code="9">560</subfield>
    <subfield code="a">Venegas Renauld, María Eugenia</subfield>
  </datafield>
  <datafield ind2="3" tag="245" ind1="1">
    <subfield code="a">El renacimiento:  un contexto para el surgimiento del concepto pedagógico 'formación' / </subfield>
    <subfield code="c">María Eugenia Venegas Renauld</subfield>
  </datafield>
  <datafield ind1=" " ind2=" " tag="260">
    <subfield code="a">San José, Costa Rica :</subfield>
    <subfield code="b">Editorial Universidad de Costa Rica,</subfield>
    <subfield code="c">2004</subfield>
  </datafield>
  <datafield ind1=" " tag="300" ind2=" ">
    <subfield code="a">páginas 27-37</subfield>
  </datafield>
  <datafield tag="520" ind2=" " ind1=" ">
    <subfield code="a">El pensamiento griego y la cosmovisión cristiana, han sido troqueladores de la cultura pedagógica de Occidente. En un rastreo histórico a la aparición del concepto "formación", como término pedagógico, el Renacimiento constituye un período que proporciona evidencias para situarlo. En este artículo, se realiza una discusión al respecto analizando el aporte de algunos humanistas y las condiciones contextuales y léxicas que permiten plantear la hipótesis de su construcción como tal en ese momento y desde la perspectiva de la noción que está presente en García Carrasco y García del Dujo</subfield>
  </datafield>
  <datafield ind2="4" tag="650" ind1="1">
    <subfield code="9">1</subfield>
    <subfield code="a">EDUCACIÓN</subfield>
  </datafield>
  <datafield ind2=" " tag="773" ind1="0">
    <subfield code="d">San José, Costa Rica : Editorial de la Universidad de Costa Rica, 1997-</subfield>
    <subfield code="o">R0215</subfield>
    <subfield code="t">EDUCACIÓN: Revista de la Universidad de Costa Rica</subfield>
    <subfield code="g">Vol.28, no.1 (2004)</subfield>
  </datafield>
  <datafield ind1=" " tag="942" ind2=" ">
    <subfield code="2">z</subfield>
    <subfield code="c">10</subfield>
  </datafield>
  <datafield tag="999" ind2=" " ind1=" ">
    <subfield code="c">2887</subfield>
    <subfield code="d">2887</subfield>
  </datafield>
</record>